@misc{Koga:Binpe,
	author = "古賀 雅伸",
	title = "B.倒立振子の安定化制御"
}

@misc{Koga:3inpe,
	author = "古賀 雅伸",
	title = "制御工学実験第3 倒立振子の安定化制御"
}

